%%%%%%%%%%%%%%%%%%%%%%%%%%%%%%%%%%%%%%%%%%%%%
%                  BOOKS
%%%%%%%%%%%%%%%%%%%%%%%%%%%%%%%%%%%%%%%%%%%%%




%%%%%%%%%%%%%%%%%%%%%%%%%%%%%%%%%%%%%%%%%%%%%
%                JOURNALS
%%%%%%%%%%%%%%%%%%%%%%%%%%%%%%%%%%%%%%%%%%%%%
@article{ajoudani2018progress,
  title={Progress and prospects of the human--robot collaboration},
  author={Ajoudani, Arash and Zanchettin, Andrea Maria and Ivaldi, Serena and Albu-Schaffer, Alin and Kosuge, Kazuhiro and Khatib, Oussama},
  journal={Autonomous Robots},
  volume={42},
  number={5},
  pages={957--975},
  year={2018},
  publisher={Springer}
}

@article{malik2019overview,
  title={Overview of artificial intelligence in medicine},
  author={Amisha and Malik, Paras and Pathania, Monika and Rathaur, Vyas Kumar},
  journal={Journal of Family Medicine and Primary Care},
  volume={8},
  number={7},
  pages={2328--2331},
  year={2019},
  publisher={Wolters Kluwer--Medknow Publications}
}



%%%%%%%%%%%%%%%%%%%%%%%%%%%%%%%%%%%%%%%%%%%%%
%               CONFERENCES
%%%%%%%%%%%%%%%%%%%%%%%%%%%%%%%%%%%%%%%%%%%%%




%%%%%%%%%%%%%%%%%%%%%%%%%%%%%%%%%%%%%%%%%%%%%
%                  OTHERS
%%%%%%%%%%%%%%%%%%%%%%%%%%%%%%%%%%%%%%%%%%%%%
@online{k_project_uma,
  author    = {{Universidad de Málaga}},
  title     = {{K-Project – Universidad de Málaga}},
  year      = 2025,
  url       = {https://www.link.uma.es/k-project/},
  note      = {Consultado el 20 de mayo de 2025.}
}